%YAML 1.1
%TAG !u! tag:unity3d.com,2011:
--- !u!1 &5656599912432065566
GameObject:
  m_ObjectHideFlags: 0
  m_CorrespondingSourceObject: {fileID: 0}
  m_PrefabInstance: {fileID: 0}
  m_PrefabAsset: {fileID: 0}
  serializedVersion: 6
  m_Component:
  - component: {fileID: 5662551355304938318}
  - component: {fileID: 5697764295375680894}
  m_Layer: 0
  m_Name: Default Part Foundation
  m_TagString: Untagged
  m_Icon: {fileID: 0}
  m_NavMeshLayer: 0
  m_StaticEditorFlags: 0
  m_IsActive: 1
--- !u!4 &5662551355304938318
Transform:
  m_ObjectHideFlags: 0
  m_CorrespondingSourceObject: {fileID: 0}
  m_PrefabInstance: {fileID: 0}
  m_PrefabAsset: {fileID: 0}
  m_GameObject: {fileID: 5656599912432065566}
  m_LocalRotation: {x: 0, y: 0, z: 0, w: 1}
  m_LocalPosition: {x: 0, y: 0, z: 0}
  m_LocalScale: {x: 1, y: 1, z: 1}
  m_Children:
  - {fileID: 5662409440692029562}
  - {fileID: 5659788861142601722}
  - {fileID: 5662186890726768220}
  - {fileID: 5662170458081660272}
  - {fileID: 5659615149975289316}
  - {fileID: 5659402727976362050}
  m_Father: {fileID: 0}
  m_RootOrder: 0
  m_LocalEulerAnglesHint: {x: 0, y: 0, z: 0}
--- !u!114 &5697764295375680894
MonoBehaviour:
  m_ObjectHideFlags: 0
  m_CorrespondingSourceObject: {fileID: 0}
  m_PrefabInstance: {fileID: 0}
  m_PrefabAsset: {fileID: 0}
  m_GameObject: {fileID: 5656599912432065566}
  m_Enabled: 1
  m_EditorHideFlags: 0
  m_Script: {fileID: 11500000, guid: ea4923a9389590a47b94824728a5ade5, type: 3}
  m_Name: 
  m_EditorClassIdentifier: 
  AdvancedFeatures: 1
  Id: 1
  Name: Default Foundation
  Type: 1
  OccupancyParts: []
  AvoidClipping: 1
  AvoidClippingOnSocket: 1
  AvoidAnchoredOnSocket: 0
  RequireSockets: 0
  UseGroundUpper: 0
  GroundUpperHeight: 1
  RotateOnSockets: 0
  RotateAccordingSlope: 0
  RotationAxis: {x: 0, y: 90, z: 0}
  PreviewOffset: {x: 0, y: 0.03, z: 0}
  PreviewDisableObjects: []
  PreviewDisableBehaviours: []
  PreviewDisableColliders: []
  PreviewUseColorLerpTime: 0
  PreviewColorLerpTime: 15
  PreviewMaterial: {fileID: 0}
  UseAppearances: 0
  Appearances: []
  AppearanceIndex: 0
  MeshBounds:
    m_Center: {x: 0, y: 0, z: 0}
    m_Extent: {x: 2.05, y: 0.05, z: 2.05}
  UseConditionalPhysics: 1
  PhysicsLayers:
    serializedVersion: 2
    m_Bits: 1
  PhysicsLifeTime: 5
  PhysicsConvexOnAffected: 1
  PhysicsOnlyStablePlacement: 0
  PhysicsIgnoreTags: []
  CustomDetections:
  - Position: {x: 0, y: -0.1, z: 0}
    Size: {x: 0, y: 0.2, z: 0}
    RequiredSupports: 00000000
  UseTerrainPrevention: 1
  TerrainBounds:
    m_Center: {x: 0, y: 0.1, z: 0}
    m_Extent: {x: 2.05, y: 0.05, z: 2.05}
  EntityInstanceId: 0
  CurrentState: 4
  LastState: 0
  AffectedByPhysics: 0
  LinkedParts: []
  Colliders: []
  Renderers: []
  Sockets: []
--- !u!1 &5656721224079613804
GameObject:
  m_ObjectHideFlags: 0
  m_CorrespondingSourceObject: {fileID: 0}
  m_PrefabInstance: {fileID: 0}
  m_PrefabAsset: {fileID: 0}
  serializedVersion: 6
  m_Component:
  - component: {fileID: 5659615149975289316}
  - component: {fileID: 5697514863121598952}
  m_Layer: 0
  m_Name: Socket
  m_TagString: Untagged
  m_Icon: {fileID: 0}
  m_NavMeshLayer: 0
  m_StaticEditorFlags: 0
  m_IsActive: 1
--- !u!4 &5659615149975289316
Transform:
  m_ObjectHideFlags: 0
  m_CorrespondingSourceObject: {fileID: 0}
  m_PrefabInstance: {fileID: 0}
  m_PrefabAsset: {fileID: 0}
  m_GameObject: {fileID: 5656721224079613804}
  m_LocalRotation: {x: -0, y: 0.70710576, z: -0, w: 0.70710784}
  m_LocalPosition: {x: -2, y: 0, z: -0.000004507557}
  m_LocalScale: {x: 1, y: 1, z: 1}
  m_Children: []
  m_Father: {fileID: 5662551355304938318}
  m_RootOrder: 4
  m_LocalEulerAnglesHint: {x: 0, y: 90.00001, z: 0}
--- !u!114 &5697514863121598952
MonoBehaviour:
  m_ObjectHideFlags: 0
  m_CorrespondingSourceObject: {fileID: 0}
  m_PrefabInstance: {fileID: 0}
  m_PrefabAsset: {fileID: 0}
  m_GameObject: {fileID: 5656721224079613804}
  m_Enabled: 1
  m_EditorHideFlags: 0
  m_Script: {fileID: 11500000, guid: e4dd892cbe0d92b4c897fa540a9de9fe, type: 3}
  m_Name: 
  m_EditorClassIdentifier: 
  Type: 0
  Radius: 1
  DisableOnGroundContact: 0
  AttachmentBounds:
    m_Center: {x: 0, y: 0, z: 0}
    m_Extent: {x: 0, y: 0, z: 0}
  PartOffsets:
  - Part: {fileID: 5697764295375680894}
    Position: {x: 0, y: 0, z: -2}
    Rotation: {x: 0, y: 0, z: 0}
    UseCustomScale: 0
    Scale: {x: 1, y: 1, z: 1}
  - Part: {fileID: 114869954950234796, guid: de58ba765006a7c4eae1d429bf0caf42, type: 3}
    Position: {x: 0, y: 0, z: 0}
    Rotation: {x: 0, y: 0, z: 0}
    UseCustomScale: 0
    Scale: {x: 1, y: 1, z: 1}
  BusySpaces: []
  AttachedPart: {fileID: 0}
  IsDisabled: 0
--- !u!1 &5656821112708401642
GameObject:
  m_ObjectHideFlags: 0
  m_CorrespondingSourceObject: {fileID: 0}
  m_PrefabInstance: {fileID: 0}
  m_PrefabAsset: {fileID: 0}
  serializedVersion: 6
  m_Component:
  - component: {fileID: 5662409440692029562}
  - component: {fileID: 5688485385473890412}
  - component: {fileID: 5680774006084839756}
  - component: {fileID: 5651141432626949766}
  m_Layer: 0
  m_Name: Cube
  m_TagString: Untagged
  m_Icon: {fileID: 0}
  m_NavMeshLayer: 0
  m_StaticEditorFlags: 0
  m_IsActive: 1
--- !u!4 &5662409440692029562
Transform:
  m_ObjectHideFlags: 0
  m_CorrespondingSourceObject: {fileID: 0}
  m_PrefabInstance: {fileID: 0}
  m_PrefabAsset: {fileID: 0}
  m_GameObject: {fileID: 5656821112708401642}
  m_LocalRotation: {x: 0, y: 0, z: 0, w: 1}
  m_LocalPosition: {x: 0, y: 0, z: 0}
  m_LocalScale: {x: 4.1, y: 0.1, z: 4.1}
  m_Children: []
  m_Father: {fileID: 5662551355304938318}
  m_RootOrder: 0
  m_LocalEulerAnglesHint: {x: 0, y: 0, z: 0}
--- !u!33 &5688485385473890412
MeshFilter:
  m_ObjectHideFlags: 0
  m_CorrespondingSourceObject: {fileID: 0}
  m_PrefabInstance: {fileID: 0}
  m_PrefabAsset: {fileID: 0}
  m_GameObject: {fileID: 5656821112708401642}
  m_Mesh: {fileID: 10202, guid: 0000000000000000e000000000000000, type: 0}
--- !u!23 &5680774006084839756
MeshRenderer:
  m_ObjectHideFlags: 0
  m_CorrespondingSourceObject: {fileID: 0}
  m_PrefabInstance: {fileID: 0}
  m_PrefabAsset: {fileID: 0}
  m_GameObject: {fileID: 5656821112708401642}
  m_Enabled: 1
  m_CastShadows: 1
  m_ReceiveShadows: 1
  m_DynamicOccludee: 1
  m_MotionVectors: 1
  m_LightProbeUsage: 1
  m_ReflectionProbeUsage: 1
  m_RenderingLayerMask: 4294967295
  m_RendererPriority: 0
  m_Materials:
  - {fileID: 10303, guid: 0000000000000000f000000000000000, type: 0}
  m_StaticBatchInfo:
    firstSubMesh: 0
    subMeshCount: 0
  m_StaticBatchRoot: {fileID: 0}
  m_ProbeAnchor: {fileID: 0}
  m_LightProbeVolumeOverride: {fileID: 0}
  m_ScaleInLightmap: 1
  m_PreserveUVs: 0
  m_IgnoreNormalsForChartDetection: 0
  m_ImportantGI: 0
  m_StitchLightmapSeams: 0
  m_SelectedEditorRenderState: 3
  m_MinimumChartSize: 4
  m_AutoUVMaxDistance: 0.5
  m_AutoUVMaxAngle: 89
  m_LightmapParameters: {fileID: 0}
  m_SortingLayerID: 0
  m_SortingLayer: 0
  m_SortingOrder: 0
--- !u!65 &5651141432626949766
BoxCollider:
  m_ObjectHideFlags: 0
  m_CorrespondingSourceObject: {fileID: 0}
  m_PrefabInstance: {fileID: 0}
  m_PrefabAsset: {fileID: 0}
  m_GameObject: {fileID: 5656821112708401642}
  m_Material: {fileID: 0}
  m_IsTrigger: 0
  m_Enabled: 1
  serializedVersion: 2
  m_Size: {x: 1, y: 1, z: 1}
  m_Center: {x: 0, y: 0, z: 0}
--- !u!1 &5656906644068949574
GameObject:
  m_ObjectHideFlags: 0
  m_CorrespondingSourceObject: {fileID: 0}
  m_PrefabInstance: {fileID: 0}
  m_PrefabAsset: {fileID: 0}
  serializedVersion: 6
  m_Component:
  - component: {fileID: 5662186890726768220}
  - component: {fileID: 5697673883718317900}
  m_Layer: 0
  m_Name: Socket
  m_TagString: Untagged
  m_Icon: {fileID: 0}
  m_NavMeshLayer: 0
  m_StaticEditorFlags: 0
  m_IsActive: 1
--- !u!4 &5662186890726768220
Transform:
  m_ObjectHideFlags: 0
  m_CorrespondingSourceObject: {fileID: 0}
  m_PrefabInstance: {fileID: 0}
  m_PrefabAsset: {fileID: 0}
  m_GameObject: {fileID: 5656906644068949574}
  m_LocalRotation: {x: -0, y: -0, z: -0, w: 1}
  m_LocalPosition: {x: 0, y: 0, z: -2}
  m_LocalScale: {x: 1, y: 1, z: 1}
  m_Children: []
  m_Father: {fileID: 5662551355304938318}
  m_RootOrder: 2
  m_LocalEulerAnglesHint: {x: 0, y: 0, z: 0}
--- !u!114 &5697673883718317900
MonoBehaviour:
  m_ObjectHideFlags: 0
  m_CorrespondingSourceObject: {fileID: 0}
  m_PrefabInstance: {fileID: 0}
  m_PrefabAsset: {fileID: 0}
  m_GameObject: {fileID: 5656906644068949574}
  m_Enabled: 1
  m_EditorHideFlags: 0
  m_Script: {fileID: 11500000, guid: e4dd892cbe0d92b4c897fa540a9de9fe, type: 3}
  m_Name: 
  m_EditorClassIdentifier: 
  Type: 0
  Radius: 1
  DisableOnGroundContact: 0
  AttachmentBounds:
    m_Center: {x: 0, y: 0, z: 0}
    m_Extent: {x: 0, y: 0, z: 0}
  PartOffsets:
  - Part: {fileID: 5697764295375680894}
    Position: {x: 0, y: 0, z: -2}
    Rotation: {x: 0, y: 0, z: 0}
    UseCustomScale: 0
    Scale: {x: 1, y: 1, z: 1}
  - Part: {fileID: 114869954950234796, guid: de58ba765006a7c4eae1d429bf0caf42, type: 3}
    Position: {x: 0, y: 0, z: 0}
    Rotation: {x: 0, y: 0, z: 0}
    UseCustomScale: 0
    Scale: {x: 1, y: 1, z: 1}
  BusySpaces: []
  AttachedPart: {fileID: 0}
  IsDisabled: 0
--- !u!1 &5657359646137785498
GameObject:
  m_ObjectHideFlags: 0
  m_CorrespondingSourceObject: {fileID: 0}
  m_PrefabInstance: {fileID: 0}
  m_PrefabAsset: {fileID: 0}
  serializedVersion: 6
  m_Component:
  - component: {fileID: 5662170458081660272}
  - component: {fileID: 5697596906731391234}
  m_Layer: 0
  m_Name: Socket
  m_TagString: Untagged
  m_Icon: {fileID: 0}
  m_NavMeshLayer: 0
  m_StaticEditorFlags: 0
  m_IsActive: 1
--- !u!4 &5662170458081660272
Transform:
  m_ObjectHideFlags: 0
  m_CorrespondingSourceObject: {fileID: 0}
  m_PrefabInstance: {fileID: 0}
  m_PrefabAsset: {fileID: 0}
  m_GameObject: {fileID: 5657359646137785498}
  m_LocalRotation: {x: -0, y: 0.70710576, z: -0, w: 0.70710784}
  m_LocalPosition: {x: 2, y: 0, z: 0.000004507557}
  m_LocalScale: {x: 1, y: 1, z: 1}
  m_Children: []
  m_Father: {fileID: 5662551355304938318}
  m_RootOrder: 3
  m_LocalEulerAnglesHint: {x: 0, y: 90.00001, z: 0}
--- !u!114 &5697596906731391234
MonoBehaviour:
  m_ObjectHideFlags: 0
  m_CorrespondingSourceObject: {fileID: 0}
  m_PrefabInstance: {fileID: 0}
  m_PrefabAsset: {fileID: 0}
  m_GameObject: {fileID: 5657359646137785498}
  m_Enabled: 1
  m_EditorHideFlags: 0
  m_Script: {fileID: 11500000, guid: e4dd892cbe0d92b4c897fa540a9de9fe, type: 3}
  m_Name: 
  m_EditorClassIdentifier: 
  Type: 0
  Radius: 1
  DisableOnGroundContact: 0
  AttachmentBounds:
    m_Center: {x: 0, y: 0, z: 0}
    m_Extent: {x: 0, y: 0, z: 0}
  PartOffsets:
  - Part: {fileID: 5697764295375680894}
    Position: {x: 0, y: 0, z: 2}
    Rotation: {x: 0, y: 0, z: 0}
    UseCustomScale: 0
    Scale: {x: 1, y: 1, z: 1}
  - Part: {fileID: 114869954950234796, guid: de58ba765006a7c4eae1d429bf0caf42, type: 3}
    Position: {x: 0, y: 0, z: 0}
    Rotation: {x: 0, y: 0, z: 0}
    UseCustomScale: 0
    Scale: {x: 1, y: 1, z: 1}
  BusySpaces: []
  AttachedPart: {fileID: 0}
  IsDisabled: 0
--- !u!1 &5658536503250525122
GameObject:
  m_ObjectHideFlags: 0
  m_CorrespondingSourceObject: {fileID: 0}
  m_PrefabInstance: {fileID: 0}
  m_PrefabAsset: {fileID: 0}
  serializedVersion: 6
  m_Component:
  - component: {fileID: 5659788861142601722}
  - component: {fileID: 5698139268650430044}
  m_Layer: 0
  m_Name: Socket
  m_TagString: Untagged
  m_Icon: {fileID: 0}
  m_NavMeshLayer: 0
  m_StaticEditorFlags: 0
  m_IsActive: 1
--- !u!4 &5659788861142601722
Transform:
  m_ObjectHideFlags: 0
  m_CorrespondingSourceObject: {fileID: 0}
  m_PrefabInstance: {fileID: 0}
  m_PrefabAsset: {fileID: 0}
  m_GameObject: {fileID: 5658536503250525122}
  m_LocalRotation: {x: 0, y: 0, z: 0, w: 1}
  m_LocalPosition: {x: 0, y: 0, z: 2}
  m_LocalScale: {x: 1, y: 1, z: 1}
  m_Children: []
  m_Father: {fileID: 5662551355304938318}
  m_RootOrder: 1
  m_LocalEulerAnglesHint: {x: 0, y: 0, z: 0}
--- !u!114 &5698139268650430044
MonoBehaviour:
  m_ObjectHideFlags: 0
  m_CorrespondingSourceObject: {fileID: 0}
  m_PrefabInstance: {fileID: 0}
  m_PrefabAsset: {fileID: 0}
  m_GameObject: {fileID: 5658536503250525122}
  m_Enabled: 1
  m_EditorHideFlags: 0
  m_Script: {fileID: 11500000, guid: e4dd892cbe0d92b4c897fa540a9de9fe, type: 3}
  m_Name: 
  m_EditorClassIdentifier: 
  Type: 0
  Radius: 1
  DisableOnGroundContact: 0
  AttachmentBounds:
    m_Center: {x: 0, y: 0, z: 0}
    m_Extent: {x: 0, y: 0, z: 0}
  PartOffsets:
  - Part: {fileID: 5697764295375680894}
    Position: {x: 0, y: 0, z: 2}
    Rotation: {x: 0, y: 0, z: 0}
    UseCustomScale: 0
    Scale: {x: 1, y: 1, z: 1}
  - Part: {fileID: 114869954950234796, guid: de58ba765006a7c4eae1d429bf0caf42, type: 3}
    Position: {x: 0, y: 0, z: 0}
    Rotation: {x: 0, y: 0, z: 0}
    UseCustomScale: 0
    Scale: {x: 1, y: 1, z: 1}
  BusySpaces: []
  AttachedPart: {fileID: 0}
  IsDisabled: 0
--- !u!1 &5658548977770474554
GameObject:
  m_ObjectHideFlags: 0
  m_CorrespondingSourceObject: {fileID: 0}
  m_PrefabInstance: {fileID: 0}
  m_PrefabAsset: {fileID: 0}
  serializedVersion: 6
  m_Component:
  - component: {fileID: 5659402727976362050}
  - component: {fileID: 5697782190349703322}
  m_Layer: 0
  m_Name: Socket
  m_TagString: Untagged
  m_Icon: {fileID: 0}
  m_NavMeshLayer: 0
  m_StaticEditorFlags: 0
  m_IsActive: 1
--- !u!4 &5659402727976362050
Transform:
  m_ObjectHideFlags: 0
  m_CorrespondingSourceObject: {fileID: 0}
  m_PrefabInstance: {fileID: 0}
  m_PrefabAsset: {fileID: 0}
  m_GameObject: {fileID: 5658548977770474554}
  m_LocalRotation: {x: 0, y: 0, z: 0, w: 1}
  m_LocalPosition: {x: 0, y: 0, z: 0}
  m_LocalScale: {x: 1, y: 1, z: 1}
  m_Children: []
  m_Father: {fileID: 5662551355304938318}
  m_RootOrder: 5
  m_LocalEulerAnglesHint: {x: 0, y: 0, z: 0}
--- !u!114 &5697782190349703322
MonoBehaviour:
  m_ObjectHideFlags: 0
  m_CorrespondingSourceObject: {fileID: 0}
  m_PrefabInstance: {fileID: 0}
  m_PrefabAsset: {fileID: 0}
  m_GameObject: {fileID: 5658548977770474554}
  m_Enabled: 1
  m_EditorHideFlags: 0
  m_Script: {fileID: 11500000, guid: e4dd892cbe0d92b4c897fa540a9de9fe, type: 3}
  m_Name: 
  m_EditorClassIdentifier: 
  Type: 0
  Radius: 1
  DisableOnGroundContact: 0
  AttachmentBounds:
    m_Center: {x: 0, y: 0, z: 0}
    m_Extent: {x: 0, y: 0, z: 0}
  PartOffsets:
  - Part: {fileID: 114611985091291736, guid: 545752a2a36d1a0409b0ae9d70bd8761, type: 3}
    Position: {x: 0, y: 0, z: 0}
    Rotation: {x: 0, y: 0, z: 0}
    UseCustomScale: 0
    Scale: {x: 1, y: 1, z: 1}
  BusySpaces: []
  AttachedPart: {fileID: 0}
  IsDisabled: 0
