%YAML 1.1
%TAG !u! tag:unity3d.com,2011:
--- !u!1001 &100100000
Prefab:
  m_ObjectHideFlags: 1
  serializedVersion: 2
  m_Modification:
    m_TransformParent: {fileID: 0}
    m_Modifications: []
    m_RemovedComponents: []
  m_ParentPrefab: {fileID: 0}
  m_RootGameObject: {fileID: 1539840588823472}
  m_IsPrefabParent: 1
--- !u!1 &1059911195603134
GameObject:
  m_ObjectHideFlags: 0
  m_PrefabParentObject: {fileID: 0}
  m_PrefabInternal: {fileID: 100100000}
  serializedVersion: 5
  m_Component:
  - component: {fileID: 4698380977698190}
  - component: {fileID: 114473147019302454}
  m_Layer: 0
  m_Name: Pillar Socket
  m_TagString: Untagged
  m_Icon: {fileID: 0}
  m_NavMeshLayer: 0
  m_StaticEditorFlags: 0
  m_IsActive: 1
--- !u!1 &1176212894713778
GameObject:
  m_ObjectHideFlags: 0
  m_PrefabParentObject: {fileID: 0}
  m_PrefabInternal: {fileID: 100100000}
  serializedVersion: 5
  m_Component:
  - component: {fileID: 4671144448862422}
  - component: {fileID: 33063699330230954}
  - component: {fileID: 23670866324686000}
  - component: {fileID: 64146533101093596}
  m_Layer: 0
  m_Name: Wood Foundation
  m_TagString: Untagged
  m_Icon: {fileID: 0}
  m_NavMeshLayer: 0
  m_StaticEditorFlags: 0
  m_IsActive: 1
--- !u!1 &1399886689114700
GameObject:
  m_ObjectHideFlags: 0
  m_PrefabParentObject: {fileID: 0}
  m_PrefabInternal: {fileID: 100100000}
  serializedVersion: 5
  m_Component:
  - component: {fileID: 4238184552454160}
  - component: {fileID: 114083336862963044}
  m_Layer: 0
  m_Name: Pillar Socket
  m_TagString: Untagged
  m_Icon: {fileID: 0}
  m_NavMeshLayer: 0
  m_StaticEditorFlags: 0
  m_IsActive: 1
--- !u!1 &1428312779544272
GameObject:
  m_ObjectHideFlags: 0
  m_PrefabParentObject: {fileID: 0}
  m_PrefabInternal: {fileID: 100100000}
  serializedVersion: 5
  m_Component:
  - component: {fileID: 4394885293571114}
  - component: {fileID: 33674759582058886}
  - component: {fileID: 23396079165478012}
  - component: {fileID: 64162798530652410}
  m_Layer: 0
  m_Name: Rock Foundation
  m_TagString: Untagged
  m_Icon: {fileID: 0}
  m_NavMeshLayer: 0
  m_StaticEditorFlags: 0
  m_IsActive: 0
--- !u!1 &1517925476533790
GameObject:
  m_ObjectHideFlags: 0
  m_PrefabParentObject: {fileID: 0}
  m_PrefabInternal: {fileID: 100100000}
  serializedVersion: 5
  m_Component:
  - component: {fileID: 4080429130700986}
  - component: {fileID: 114198100199216772}
  m_Layer: 0
  m_Name: Pillar Socket
  m_TagString: Untagged
  m_Icon: {fileID: 0}
  m_NavMeshLayer: 0
  m_StaticEditorFlags: 0
  m_IsActive: 1
--- !u!1 &1539840588823472
GameObject:
  m_ObjectHideFlags: 0
  m_PrefabParentObject: {fileID: 0}
  m_PrefabInternal: {fileID: 100100000}
  serializedVersion: 5
  m_Component:
  - component: {fileID: 4598208393040816}
  - component: {fileID: 114218282259991340}
  m_Layer: 0
  m_Name: Part Toons Foundation
  m_TagString: Untagged
  m_Icon: {fileID: 0}
  m_NavMeshLayer: 0
  m_StaticEditorFlags: 0
  m_IsActive: 1
--- !u!1 &1556775068578518
GameObject:
  m_ObjectHideFlags: 0
  m_PrefabParentObject: {fileID: 0}
  m_PrefabInternal: {fileID: 100100000}
  serializedVersion: 5
  m_Component:
  - component: {fileID: 4005435479315844}
  - component: {fileID: 114504506746871310}
  m_Layer: 0
  m_Name: Foundation Socket
  m_TagString: Untagged
  m_Icon: {fileID: 0}
  m_NavMeshLayer: 0
  m_StaticEditorFlags: 0
  m_IsActive: 1
--- !u!1 &1584252738650086
GameObject:
  m_ObjectHideFlags: 0
  m_PrefabParentObject: {fileID: 0}
  m_PrefabInternal: {fileID: 100100000}
  serializedVersion: 5
  m_Component:
  - component: {fileID: 4407605428354712}
  - component: {fileID: 114085896115923526}
  m_Layer: 0
  m_Name: Foundation Socket
  m_TagString: Untagged
  m_Icon: {fileID: 0}
  m_NavMeshLayer: 0
  m_StaticEditorFlags: 0
  m_IsActive: 1
--- !u!1 &1685609223890628
GameObject:
  m_ObjectHideFlags: 0
  m_PrefabParentObject: {fileID: 0}
  m_PrefabInternal: {fileID: 100100000}
  serializedVersion: 5
  m_Component:
  - component: {fileID: 4248385410621608}
  - component: {fileID: 114302766159385398}
  m_Layer: 0
  m_Name: Foundation Socket
  m_TagString: Untagged
  m_Icon: {fileID: 0}
  m_NavMeshLayer: 0
  m_StaticEditorFlags: 0
  m_IsActive: 1
--- !u!1 &1692591429330582
GameObject:
  m_ObjectHideFlags: 0
  m_PrefabParentObject: {fileID: 0}
  m_PrefabInternal: {fileID: 100100000}
  serializedVersion: 5
  m_Component:
  - component: {fileID: 4764443281812976}
  - component: {fileID: 114847731741604480}
  m_Layer: 0
  m_Name: Pillar Socket
  m_TagString: Untagged
  m_Icon: {fileID: 0}
  m_NavMeshLayer: 0
  m_StaticEditorFlags: 0
  m_IsActive: 1
--- !u!1 &1740972369875682
GameObject:
  m_ObjectHideFlags: 0
  m_PrefabParentObject: {fileID: 0}
  m_PrefabInternal: {fileID: 100100000}
  serializedVersion: 5
  m_Component:
  - component: {fileID: 4066972430152334}
  - component: {fileID: 114775457939263652}
  m_Layer: 0
  m_Name: Stair Socket
  m_TagString: Untagged
  m_Icon: {fileID: 0}
  m_NavMeshLayer: 0
  m_StaticEditorFlags: 0
  m_IsActive: 1
--- !u!1 &1882866570609886
GameObject:
  m_ObjectHideFlags: 0
  m_PrefabParentObject: {fileID: 0}
  m_PrefabInternal: {fileID: 100100000}
  serializedVersion: 5
  m_Component:
  - component: {fileID: 4714033920091200}
  - component: {fileID: 114337182163967472}
  m_Layer: 0
  m_Name: Foundation Socket
  m_TagString: Untagged
  m_Icon: {fileID: 0}
  m_NavMeshLayer: 0
  m_StaticEditorFlags: 0
  m_IsActive: 1
--- !u!4 &4005435479315844
Transform:
  m_ObjectHideFlags: 1
  m_PrefabParentObject: {fileID: 0}
  m_PrefabInternal: {fileID: 100100000}
  m_GameObject: {fileID: 1556775068578518}
  m_LocalRotation: {x: -0, y: -0, z: -0, w: 1}
  m_LocalPosition: {x: 2, y: 0, z: 0}
  m_LocalScale: {x: 1, y: 1, z: 1}
  m_Children: []
  m_Father: {fileID: 4598208393040816}
  m_RootOrder: 7
  m_LocalEulerAnglesHint: {x: 0, y: 0, z: 0}
--- !u!4 &4066972430152334
Transform:
  m_ObjectHideFlags: 1
  m_PrefabParentObject: {fileID: 0}
  m_PrefabInternal: {fileID: 100100000}
  m_GameObject: {fileID: 1740972369875682}
  m_LocalRotation: {x: -0, y: -0, z: -0, w: 1}
  m_LocalPosition: {x: 0, y: 0, z: 0}
  m_LocalScale: {x: 1, y: 1, z: 1}
  m_Children: []
  m_Father: {fileID: 4598208393040816}
  m_RootOrder: 10
  m_LocalEulerAnglesHint: {x: 0, y: 0, z: 0}
--- !u!4 &4080429130700986
Transform:
  m_ObjectHideFlags: 1
  m_PrefabParentObject: {fileID: 0}
  m_PrefabInternal: {fileID: 100100000}
  m_GameObject: {fileID: 1517925476533790}
  m_LocalRotation: {x: -0, y: -0, z: -0, w: 1}
  m_LocalPosition: {x: -2, y: 0, z: -2}
  m_LocalScale: {x: 1, y: 1, z: 1}
  m_Children: []
  m_Father: {fileID: 4598208393040816}
  m_RootOrder: 4
  m_LocalEulerAnglesHint: {x: 0, y: 0, z: 0}
--- !u!4 &4238184552454160
Transform:
  m_ObjectHideFlags: 1
  m_PrefabParentObject: {fileID: 0}
  m_PrefabInternal: {fileID: 100100000}
  m_GameObject: {fileID: 1399886689114700}
  m_LocalRotation: {x: -0, y: -0, z: -0, w: 1}
  m_LocalPosition: {x: 2, y: 0, z: -2}
  m_LocalScale: {x: 1, y: 1, z: 1}
  m_Children: []
  m_Father: {fileID: 4598208393040816}
  m_RootOrder: 5
  m_LocalEulerAnglesHint: {x: 0, y: 0, z: 0}
--- !u!4 &4248385410621608
Transform:
  m_ObjectHideFlags: 1
  m_PrefabParentObject: {fileID: 0}
  m_PrefabInternal: {fileID: 100100000}
  m_GameObject: {fileID: 1685609223890628}
  m_LocalRotation: {x: -0, y: 0.70710677, z: -0, w: 0.7071068}
  m_LocalPosition: {x: -0.0000010195247, y: 0, z: -2}
  m_LocalScale: {x: 1, y: 1, z: 1}
  m_Children: []
  m_Father: {fileID: 4598208393040816}
  m_RootOrder: 9
  m_LocalEulerAnglesHint: {x: 0, y: 90.00001, z: 0}
--- !u!4 &4394885293571114
Transform:
  m_ObjectHideFlags: 1
  m_PrefabParentObject: {fileID: 0}
  m_PrefabInternal: {fileID: 100100000}
  m_GameObject: {fileID: 1428312779544272}
  m_LocalRotation: {x: -0.7071068, y: -0, z: -0, w: 0.7071067}
  m_LocalPosition: {x: 0, y: 0, z: 0}
  m_LocalScale: {x: 100, y: 99.99994, z: 99.99994}
  m_Children: []
  m_Father: {fileID: 4598208393040816}
  m_RootOrder: 1
  m_LocalEulerAnglesHint: {x: 0, y: 0, z: 0}
--- !u!4 &4407605428354712
Transform:
  m_ObjectHideFlags: 1
  m_PrefabParentObject: {fileID: 0}
  m_PrefabInternal: {fileID: 100100000}
  m_GameObject: {fileID: 1584252738650086}
  m_LocalRotation: {x: -0, y: -0, z: -0, w: 1}
  m_LocalPosition: {x: -2, y: 0, z: 0}
  m_LocalScale: {x: 1, y: 1, z: 1}
  m_Children: []
  m_Father: {fileID: 4598208393040816}
  m_RootOrder: 6
  m_LocalEulerAnglesHint: {x: 0, y: 0, z: 0}
--- !u!4 &4598208393040816
Transform:
  m_ObjectHideFlags: 1
  m_PrefabParentObject: {fileID: 0}
  m_PrefabInternal: {fileID: 100100000}
  m_GameObject: {fileID: 1539840588823472}
  m_LocalRotation: {x: 0, y: 0, z: 0, w: 1}
  m_LocalPosition: {x: 0, y: 0, z: 0}
  m_LocalScale: {x: 1, y: 1, z: 1}
  m_Children:
  - {fileID: 4671144448862422}
  - {fileID: 4394885293571114}
  - {fileID: 4764443281812976}
  - {fileID: 4698380977698190}
  - {fileID: 4080429130700986}
  - {fileID: 4238184552454160}
  - {fileID: 4407605428354712}
  - {fileID: 4005435479315844}
  - {fileID: 4714033920091200}
  - {fileID: 4248385410621608}
  - {fileID: 4066972430152334}
  m_Father: {fileID: 0}
  m_RootOrder: 0
  m_LocalEulerAnglesHint: {x: 0, y: 0, z: 0}
--- !u!4 &4671144448862422
Transform:
  m_ObjectHideFlags: 1
  m_PrefabParentObject: {fileID: 0}
  m_PrefabInternal: {fileID: 100100000}
  m_GameObject: {fileID: 1176212894713778}
  m_LocalRotation: {x: -0.7071068, y: -0, z: -0, w: 0.7071067}
  m_LocalPosition: {x: 0, y: 0, z: 0}
  m_LocalScale: {x: 100, y: 99.99997, z: 99.99997}
  m_Children: []
  m_Father: {fileID: 4598208393040816}
  m_RootOrder: 0
  m_LocalEulerAnglesHint: {x: 0, y: 0, z: 0}
--- !u!4 &4698380977698190
Transform:
  m_ObjectHideFlags: 1
  m_PrefabParentObject: {fileID: 0}
  m_PrefabInternal: {fileID: 100100000}
  m_GameObject: {fileID: 1059911195603134}
  m_LocalRotation: {x: -0, y: -0, z: -0, w: 1}
  m_LocalPosition: {x: 2, y: 0, z: 2}
  m_LocalScale: {x: 1, y: 1, z: 1}
  m_Children: []
  m_Father: {fileID: 4598208393040816}
  m_RootOrder: 3
  m_LocalEulerAnglesHint: {x: 0, y: 0, z: 0}
--- !u!4 &4714033920091200
Transform:
  m_ObjectHideFlags: 1
  m_PrefabParentObject: {fileID: 0}
  m_PrefabInternal: {fileID: 100100000}
  m_GameObject: {fileID: 1882866570609886}
  m_LocalRotation: {x: -0, y: 0.70710677, z: -0, w: 0.7071068}
  m_LocalPosition: {x: 0.0000010195247, y: 0, z: 2}
  m_LocalScale: {x: 1, y: 1, z: 1}
  m_Children: []
  m_Father: {fileID: 4598208393040816}
  m_RootOrder: 8
  m_LocalEulerAnglesHint: {x: 0, y: 90.00001, z: 0}
--- !u!4 &4764443281812976
Transform:
  m_ObjectHideFlags: 1
  m_PrefabParentObject: {fileID: 0}
  m_PrefabInternal: {fileID: 100100000}
  m_GameObject: {fileID: 1692591429330582}
  m_LocalRotation: {x: 0, y: 0, z: 0, w: 1}
  m_LocalPosition: {x: -2, y: 0, z: 2}
  m_LocalScale: {x: 1, y: 1, z: 1}
  m_Children: []
  m_Father: {fileID: 4598208393040816}
  m_RootOrder: 2
  m_LocalEulerAnglesHint: {x: 0, y: 0, z: 0}
--- !u!23 &23396079165478012
MeshRenderer:
  m_ObjectHideFlags: 1
  m_PrefabParentObject: {fileID: 0}
  m_PrefabInternal: {fileID: 100100000}
  m_GameObject: {fileID: 1428312779544272}
  m_Enabled: 1
  m_CastShadows: 1
  m_ReceiveShadows: 1
  m_MotionVectors: 1
  m_LightProbeUsage: 1
  m_ReflectionProbeUsage: 1
  m_Materials:
  - {fileID: 2100000, guid: 726f0583f9d52f0478cd9b4fa3af25de, type: 2}
  - {fileID: 2100000, guid: 4889ffffdf55fb54da0a731c73a6ee39, type: 2}
  m_StaticBatchInfo:
    firstSubMesh: 0
    subMeshCount: 0
  m_StaticBatchRoot: {fileID: 0}
  m_ProbeAnchor: {fileID: 0}
  m_LightProbeVolumeOverride: {fileID: 0}
  m_ScaleInLightmap: 1
  m_PreserveUVs: 0
  m_IgnoreNormalsForChartDetection: 0
  m_ImportantGI: 0
  m_SelectedEditorRenderState: 3
  m_MinimumChartSize: 4
  m_AutoUVMaxDistance: 0.5
  m_AutoUVMaxAngle: 89
  m_LightmapParameters: {fileID: 0}
  m_SortingLayerID: 0
  m_SortingLayer: 0
  m_SortingOrder: 0
--- !u!23 &23670866324686000
MeshRenderer:
  m_ObjectHideFlags: 1
  m_PrefabParentObject: {fileID: 0}
  m_PrefabInternal: {fileID: 100100000}
  m_GameObject: {fileID: 1176212894713778}
  m_Enabled: 1
  m_CastShadows: 1
  m_ReceiveShadows: 1
  m_MotionVectors: 1
  m_LightProbeUsage: 1
  m_ReflectionProbeUsage: 1
  m_Materials:
  - {fileID: 2100000, guid: 8a1654181b5401c4e9a940005a3e1f93, type: 2}
  - {fileID: 2100000, guid: 97a95d2706a453c469c45fdf9de5b8a4, type: 2}
  m_StaticBatchInfo:
    firstSubMesh: 0
    subMeshCount: 0
  m_StaticBatchRoot: {fileID: 0}
  m_ProbeAnchor: {fileID: 0}
  m_LightProbeVolumeOverride: {fileID: 0}
  m_ScaleInLightmap: 1
  m_PreserveUVs: 0
  m_IgnoreNormalsForChartDetection: 0
  m_ImportantGI: 0
  m_SelectedEditorRenderState: 3
  m_MinimumChartSize: 4
  m_AutoUVMaxDistance: 0.5
  m_AutoUVMaxAngle: 89
  m_LightmapParameters: {fileID: 0}
  m_SortingLayerID: 0
  m_SortingLayer: 0
  m_SortingOrder: 0
--- !u!33 &33063699330230954
MeshFilter:
  m_ObjectHideFlags: 1
  m_PrefabParentObject: {fileID: 0}
  m_PrefabInternal: {fileID: 100100000}
  m_GameObject: {fileID: 1176212894713778}
  m_Mesh: {fileID: 4300010, guid: 1a8232506eb44e4458b79dd30394cec3, type: 3}
--- !u!33 &33674759582058886
MeshFilter:
  m_ObjectHideFlags: 1
  m_PrefabParentObject: {fileID: 0}
  m_PrefabInternal: {fileID: 100100000}
  m_GameObject: {fileID: 1428312779544272}
  m_Mesh: {fileID: 4300010, guid: 1a8232506eb44e4458b79dd30394cec3, type: 3}
--- !u!64 &64146533101093596
MeshCollider:
  m_ObjectHideFlags: 1
  m_PrefabParentObject: {fileID: 0}
  m_PrefabInternal: {fileID: 100100000}
  m_GameObject: {fileID: 1176212894713778}
  m_Material: {fileID: 0}
  m_IsTrigger: 0
  m_Enabled: 1
  serializedVersion: 2
  m_Convex: 0
  m_InflateMesh: 0
  m_SkinWidth: 0.01
  m_Mesh: {fileID: 4300010, guid: 1a8232506eb44e4458b79dd30394cec3, type: 3}
--- !u!64 &64162798530652410
MeshCollider:
  m_ObjectHideFlags: 1
  m_PrefabParentObject: {fileID: 0}
  m_PrefabInternal: {fileID: 100100000}
  m_GameObject: {fileID: 1428312779544272}
  m_Material: {fileID: 0}
  m_IsTrigger: 0
  m_Enabled: 1
  serializedVersion: 2
  m_Convex: 0
  m_InflateMesh: 0
  m_SkinWidth: 0.01
  m_Mesh: {fileID: 4300010, guid: 1a8232506eb44e4458b79dd30394cec3, type: 3}
--- !u!114 &114083336862963044
MonoBehaviour:
  m_ObjectHideFlags: 1
  m_PrefabParentObject: {fileID: 0}
  m_PrefabInternal: {fileID: 100100000}
  m_GameObject: {fileID: 1399886689114700}
  m_Enabled: 1
  m_EditorHideFlags: 0
  m_Script: {fileID: -1640126288, guid: 1307baa4c991a5b44b29c3c682cf2c29, type: 3}
  m_Name: 
  m_EditorClassIdentifier: 
  Type: 0
  Radius: 1
  DisableOnGroundContact: 0
  AttachmentBounds:
    m_Center: {x: 0, y: 0, z: 0}
    m_Extent: {x: 0, y: 0, z: 0}
  PartOffsets:
  - Part: {fileID: 114833752306587276, guid: 19e194d973a308643b315fb1215bfb8c, type: 2}
    Position: {x: 0, y: 0, z: 0}
    Rotation: {x: 0, y: 0, z: 0}
    UseCustomScale: 0
    Scale: {x: 1, y: 1, z: 1}
  BusySpaces: []
  AttachedPart: {fileID: 0}
  IsDisabled: 0
--- !u!114 &114085896115923526
MonoBehaviour:
  m_ObjectHideFlags: 1
  m_PrefabParentObject: {fileID: 0}
  m_PrefabInternal: {fileID: 100100000}
  m_GameObject: {fileID: 1584252738650086}
  m_Enabled: 1
  m_EditorHideFlags: 0
  m_Script: {fileID: -1640126288, guid: 1307baa4c991a5b44b29c3c682cf2c29, type: 3}
  m_Name: 
  m_EditorClassIdentifier: 
  Type: 0
  Radius: 1
  DisableOnGroundContact: 0
  AttachmentBounds:
    m_Center: {x: 0, y: 0, z: 0}
    m_Extent: {x: 0, y: 0, z: 0}
  PartOffsets:
  - Part: {fileID: 114218282259991340}
    Position: {x: -2, y: 0, z: 0}
    Rotation: {x: 0, y: 0, z: 0}
    UseCustomScale: 0
    Scale: {x: 1, y: 1, z: 1}
  BusySpaces: []
  AttachedPart: {fileID: 0}
  IsDisabled: 0
--- !u!114 &114198100199216772
MonoBehaviour:
  m_ObjectHideFlags: 1
  m_PrefabParentObject: {fileID: 0}
  m_PrefabInternal: {fileID: 100100000}
  m_GameObject: {fileID: 1517925476533790}
  m_Enabled: 1
  m_EditorHideFlags: 0
  m_Script: {fileID: -1640126288, guid: 1307baa4c991a5b44b29c3c682cf2c29, type: 3}
  m_Name: 
  m_EditorClassIdentifier: 
  Type: 0
  Radius: 1
  DisableOnGroundContact: 0
  AttachmentBounds:
    m_Center: {x: 0, y: 0, z: 0}
    m_Extent: {x: 0, y: 0, z: 0}
  PartOffsets:
  - Part: {fileID: 114833752306587276, guid: 19e194d973a308643b315fb1215bfb8c, type: 2}
    Position: {x: 0, y: 0, z: 0}
    Rotation: {x: 0, y: 0, z: 0}
    UseCustomScale: 0
    Scale: {x: 1, y: 1, z: 1}
  BusySpaces: []
  AttachedPart: {fileID: 0}
  IsDisabled: 0
--- !u!114 &114218282259991340
MonoBehaviour:
  m_ObjectHideFlags: 1
  m_PrefabParentObject: {fileID: 0}
  m_PrefabInternal: {fileID: 100100000}
  m_GameObject: {fileID: 1539840588823472}
  m_Enabled: 1
  m_EditorHideFlags: 0
  m_Script: {fileID: -816094907, guid: 1307baa4c991a5b44b29c3c682cf2c29, type: 3}
  m_Name: 
  m_EditorClassIdentifier: 
  Id: 1
  Name: Toons Foundation
  Type: 1
  OccupancyParts: []
  AvoidClipping: 1
  AvoidClippingOnSockets: 0
  FreePlacement: 0
  RequireSockets: 0
  UseGroundUpper: 1
  GroundUpperHeight: 1
  RotateOnSockets: 0
  RotationAxis: {x: 0, y: 45, z: 0}
  PreviewDisableObjects: []
  PreviewUseColorLerpTime: 0
  PreviewColorLerpTime: 15
  UseDefaultPreviewMaterial: 1
  PreviewMaterial: {fileID: 0}
  UseAppearances: 1
  Appearances:
  - {fileID: 1176212894713778}
  - {fileID: 1428312779544272}
  AppearanceIndex: 0
  PartMeshBounds:
    m_Center: {x: 0, y: -1, z: 0}
    m_Extent: {x: 1.9, y: 1.1, z: 1.9}
  UseConditionalPhysics: 1
  PhysicsLayers:
    serializedVersion: 2
    m_Bits: 1
  PhysicsLifeTime: 5
  PhysicsConvexOnAffected: 1
  PhysicsOnlyStablePlacement: 0
  PhysicsIgnoreTags: []
  CustomDetections:
  - Position: {x: 0, y: -1, z: 0}
    Size: {x: 0, y: 1, z: 0}
    Types: 00000000
  UseTerrainPrevention: 1
  TerrainBounds:
    m_Center: {x: 0, y: 0.1, z: 0}
    m_Extent: {x: 2, y: 0.05, z: 2}
  EntityInstanceId: 0
  CurrentState: 2
  AffectedByPhysics: 0
  LinkedParts: []
  Colliders: []
  Renderers: []
  Sockets: []
--- !u!114 &114302766159385398
MonoBehaviour:
  m_ObjectHideFlags: 1
  m_PrefabParentObject: {fileID: 0}
  m_PrefabInternal: {fileID: 100100000}
  m_GameObject: {fileID: 1685609223890628}
  m_Enabled: 1
  m_EditorHideFlags: 0
  m_Script: {fileID: -1640126288, guid: 1307baa4c991a5b44b29c3c682cf2c29, type: 3}
  m_Name: 
  m_EditorClassIdentifier: 
  Type: 0
  Radius: 1
  DisableOnGroundContact: 0
  AttachmentBounds:
    m_Center: {x: 0, y: 0, z: 0}
    m_Extent: {x: 0, y: 0, z: 0}
  PartOffsets:
  - Part: {fileID: 114218282259991340}
    Position: {x: 2, y: 0, z: 0}
    Rotation: {x: 0, y: 0, z: 0}
    UseCustomScale: 0
    Scale: {x: 1, y: 1, z: 1}
  BusySpaces: []
  AttachedPart: {fileID: 0}
  IsDisabled: 0
--- !u!114 &114337182163967472
MonoBehaviour:
  m_ObjectHideFlags: 1
  m_PrefabParentObject: {fileID: 0}
  m_PrefabInternal: {fileID: 100100000}
  m_GameObject: {fileID: 1882866570609886}
  m_Enabled: 1
  m_EditorHideFlags: 0
  m_Script: {fileID: -1640126288, guid: 1307baa4c991a5b44b29c3c682cf2c29, type: 3}
  m_Name: 
  m_EditorClassIdentifier: 
  Type: 0
  Radius: 1
  DisableOnGroundContact: 0
  AttachmentBounds:
    m_Center: {x: 0, y: 0, z: 0}
    m_Extent: {x: 0, y: 0, z: 0}
  PartOffsets:
  - Part: {fileID: 114218282259991340}
    Position: {x: -2, y: 0, z: 0}
    Rotation: {x: 0, y: 0, z: 0}
    UseCustomScale: 0
    Scale: {x: 1, y: 1, z: 1}
  BusySpaces: []
  AttachedPart: {fileID: 0}
  IsDisabled: 0
--- !u!114 &114473147019302454
MonoBehaviour:
  m_ObjectHideFlags: 1
  m_PrefabParentObject: {fileID: 0}
  m_PrefabInternal: {fileID: 100100000}
  m_GameObject: {fileID: 1059911195603134}
  m_Enabled: 1
  m_EditorHideFlags: 0
  m_Script: {fileID: -1640126288, guid: 1307baa4c991a5b44b29c3c682cf2c29, type: 3}
  m_Name: 
  m_EditorClassIdentifier: 
  Type: 0
  Radius: 1
  DisableOnGroundContact: 0
  AttachmentBounds:
    m_Center: {x: 0, y: 0, z: 0}
    m_Extent: {x: 0, y: 0, z: 0}
  PartOffsets:
  - Part: {fileID: 114833752306587276, guid: 19e194d973a308643b315fb1215bfb8c, type: 2}
    Position: {x: 0, y: 0, z: 0}
    Rotation: {x: 0, y: 0, z: 0}
    UseCustomScale: 0
    Scale: {x: 1, y: 1, z: 1}
  BusySpaces: []
  AttachedPart: {fileID: 0}
  IsDisabled: 0
--- !u!114 &114504506746871310
MonoBehaviour:
  m_ObjectHideFlags: 1
  m_PrefabParentObject: {fileID: 0}
  m_PrefabInternal: {fileID: 100100000}
  m_GameObject: {fileID: 1556775068578518}
  m_Enabled: 1
  m_EditorHideFlags: 0
  m_Script: {fileID: -1640126288, guid: 1307baa4c991a5b44b29c3c682cf2c29, type: 3}
  m_Name: 
  m_EditorClassIdentifier: 
  Type: 0
  Radius: 1
  DisableOnGroundContact: 0
  AttachmentBounds:
    m_Center: {x: 0, y: 0, z: 0}
    m_Extent: {x: 0, y: 0, z: 0}
  PartOffsets:
  - Part: {fileID: 114218282259991340}
    Position: {x: 2, y: 0, z: 0}
    Rotation: {x: 0, y: 0, z: 0}
    UseCustomScale: 0
    Scale: {x: 1, y: 1, z: 1}
  BusySpaces: []
  AttachedPart: {fileID: 0}
  IsDisabled: 0
--- !u!114 &114775457939263652
MonoBehaviour:
  m_ObjectHideFlags: 1
  m_PrefabParentObject: {fileID: 0}
  m_PrefabInternal: {fileID: 100100000}
  m_GameObject: {fileID: 1740972369875682}
  m_Enabled: 1
  m_EditorHideFlags: 0
  m_Script: {fileID: -1640126288, guid: 1307baa4c991a5b44b29c3c682cf2c29, type: 3}
  m_Name: 
  m_EditorClassIdentifier: 
  Type: 0
  Radius: 1
  DisableOnGroundContact: 0
  AttachmentBounds:
    m_Center: {x: 0, y: 0, z: 0}
    m_Extent: {x: 0, y: 0, z: 0}
  PartOffsets:
  - Part: {fileID: 114291669446112220, guid: 7b488a811579d86408965009d30bd698, type: 2}
    Position: {x: 0, y: 0, z: 0}
    Rotation: {x: 0, y: 0, z: 0}
    UseCustomScale: 1
    Scale: {x: 1.1, y: 1.04, z: 1.1}
  BusySpaces: []
  AttachedPart: {fileID: 0}
  IsDisabled: 0
--- !u!114 &114847731741604480
MonoBehaviour:
  m_ObjectHideFlags: 1
  m_PrefabParentObject: {fileID: 0}
  m_PrefabInternal: {fileID: 100100000}
  m_GameObject: {fileID: 1692591429330582}
  m_Enabled: 1
  m_EditorHideFlags: 0
  m_Script: {fileID: -1640126288, guid: 1307baa4c991a5b44b29c3c682cf2c29, type: 3}
  m_Name: 
  m_EditorClassIdentifier: 
  Type: 0
  Radius: 1
  DisableOnGroundContact: 0
  AttachmentBounds:
    m_Center: {x: 0, y: 0, z: 0}
    m_Extent: {x: 0, y: 0, z: 0}
  PartOffsets:
  - Part: {fileID: 114833752306587276, guid: 19e194d973a308643b315fb1215bfb8c, type: 2}
    Position: {x: 0, y: 0, z: 0}
    Rotation: {x: 0, y: 0, z: 0}
    UseCustomScale: 0
    Scale: {x: 1, y: 1, z: 1}
  BusySpaces: []
  AttachedPart: {fileID: 0}
  IsDisabled: 0
